<?xml version="1.0" encoding="UTF-8"?><record xmlns="http://www.loc.gov/MARC21/slim" xmlns:cinclude="http://apache.org/cocoon/include/1.0" xmlns:zs="http://www.loc.gov/zing/srw/">
  <leader>00561nz  a2200145n  4500</leader>
  <controlfield tag="001">no2005079266</controlfield>
  <controlfield tag="003">DLC</controlfield>
  <controlfield tag="005">20050826052205.0</controlfield>
  <controlfield tag="008">050825n| acannaabn          |n ana     c</controlfield>
  <datafield tag="010" ind1=" " ind2=" ">
    <subfield code="a">no2005079266</subfield>
  </datafield>
  <datafield tag="035" ind1=" " ind2=" ">
    <subfield code="a">(OCoLC)oca06716798</subfield>
  </datafield>
  <datafield tag="040" ind1=" " ind2=" ">
    <subfield code="a">NIC-Mu</subfield>
    <subfield code="b">eng</subfield>
    <subfield code="c">NIC-Mu</subfield>
  </datafield>
  <datafield tag="110" ind1="2" ind2=" ">
    <subfield code="a">Bedford Minuteman Company</subfield>
  </datafield>
  <datafield tag="670" ind1=" " ind2=" ">
    <subfield code="a">Grand musick, 1974:</subfield>
    <subfield code="b">container (Bedford Minuteman Company; reactivated as a historical marching unit by proclamation of the Town Selectmen in 1964)</subfield>
  </datafield>
  <datafield tag="670" ind1=" " ind2=" ">
    <subfield code="a">Bedford Minuteman Company WWW site, Aug. 25, 2005:</subfield>
    <subfield code="b">home page (Bedford Minuteman Company)</subfield>
  </datafield>
</record>